<record><leader>00000cas a2200000 a 4500</leader><controlfield tag="001">11942655</controlfield><controlfield tag="008">850419d18941959ksuwr ne      0    0eng d</controlfield><datafield ind1=" " ind2=" " tag="010"><subfield code="a">sn 85029192 </subfield></datafield><datafield ind1=" " ind2=" " tag="040"><subfield code="a">KSH</subfield><subfield code="b">eng</subfield><subfield code="c">KSH</subfield><subfield code="d">NPT</subfield><subfield code="d">OCL</subfield><subfield code="d">OCLCQ</subfield></datafield><datafield ind1=" " ind2=" " tag="042"><subfield code="a">msc</subfield></datafield><datafield ind1="0" ind2=" " tag="130"><subfield code="a">Olathe mirror (Olathe, Kan. : 1894)</subfield></datafield><datafield ind1="1" ind2="4" tag="245"><subfield code="a">The Olathe mirror.</subfield></datafield><datafield ind1=" " ind2=" " tag="260"><subfield code="a">Olathe, Kan. :</subfield><subfield code="b">H.A. Perkins,</subfield><subfield code="c">1894-1959.</subfield></datafield><datafield ind1=" " ind2=" " tag="300"><subfield code="a">65 v. :</subfield><subfield code="b">ill. ;</subfield><subfield code="c">51-64 cm.</subfield></datafield><datafield ind1=" " ind2=" " tag="310"><subfield code="a">Weekly</subfield></datafield><datafield ind1="0" ind2=" " tag="362"><subfield code="a">Vol. 38, no. 1 (Oct. 11, 1894)-102nd year, no. 53 (Dec. 31, 1959).</subfield></datafield><datafield ind1=" " ind2=" " tag="500"><subfield code="a">Publisher varies.</subfield></datafield><datafield ind1=" " ind2=" " tag="500"><subfield code="a">"Republican."</subfield></datafield><datafield ind1=" " ind2=" " tag="515"><subfield code="a">Numbering is irregular.</subfield></datafield><datafield ind1=" " ind2=" " tag="752"><subfield code="a">United States</subfield><subfield code="b">Kansas</subfield><subfield code="c">Johnson</subfield><subfield code="d">Olathe.</subfield></datafield><datafield ind1="0" ind2="0" tag="780"><subfield code="t">Republican mirror</subfield><subfield code="w">(DLC)sn 85029191</subfield></datafield><datafield ind1="0" ind2="5" tag="780"><subfield code="t">Olathe news-herald</subfield><subfield code="g">June 26, 1902</subfield><subfield code="w">(DLC)sn 85029944</subfield></datafield><datafield ind1="0" ind2="5" tag="780"><subfield code="t">Edgerton journal (Edgerton, Kan. : 1933)</subfield><subfield code="g">Aug. 16, 1935</subfield><subfield code="w">(DLC)sn 85029928</subfield></datafield><datafield ind1="0" ind2="7" tag="785"><subfield code="t">Johnson County democrat (Olathe, Kan. : 1929)</subfield><subfield code="w">(DLC)sn 85029920</subfield></datafield><datafield ind1="0" ind2="7" tag="785"><subfield code="t">Olathe mirror, the Johnson County democrat</subfield><subfield code="w">(DLC)sn 85029919</subfield></datafield></record>